@MISC {1,
    TITLE = {Liminf and Limsups},
    AUTHOR = {John Quigg (\url{https://math.la.asu.edu/~quigg})},
    HOWPUBLISHED = {},
    NOTE = {\url{https:// math.la.asu.edu/~quigg/teach/courses/371/2005fall/lectures/limsup.pdf} (Lecture Note, Page 1, October 2005)},
    EPRINT = {https://math.la.asu.edu/~quigg},
    URL = { \url{https:// math.la.asu.edu/~quigg/teach/courses/371/2005fall/lectures/limsup.pdf}}
}

@MISC {2,
    TITLE = {Proof that there is no continuous, one-to-one map from the unit circle in $\mathbb{R}^2$ to $\mathbb{R}$.},
    AUTHOR = {Math1000 (\url{https://math.stackexchange.com/users/38584/math1000})},
    HOWPUBLISHED = {Mathematics Stack Exchange},
    NOTE = {\url{https://math.stackexchange.com/q/1092259} (version: 2015-01-05)},
    EPRINT = {\url{https://math.stackexchange.com/q/1092259}},
    URL = {\url{https://math.stackexchange.com/q/1092259}}
}

@MISC {3,
    TITLE = {No continuous injective map $f: S^1 \to \mathbb{R}$},
    AUTHOR = {Christian Blatter (\url{https://math.stackexchange.com/users/1303})},
    HOWPUBLISHED = {Mathematics Stack Exchange},
    NOTE = {\url{https://math.stackexchange.com/q/1273987} (version: 2015-05-09)},
    EPRINT = {\url{https://math.stackexchange.com/q/1273987}},
    URL = {\url{https://math.stackexchange.com/q/1273987}}
}

@unpublished{4,
    TITLE = {{I}ntroduction to {A}nalysis},
    AUTHOR = {Piotr Hajłasz (\url{https://sites.google.com/view/piotr-hajasz/home})},
    HOWPUBLISHED = {},
    NOTE = {\url{http://www.pitt.edu/~hajlasz/Teaching/Math1530Fall2018/selection.pdf} (version: 2020-03-30)},
    EPRINT = {\url{http://www.pitt.edu/~hajlasz/Teaching/Math1530Fall2018/selection.pdf}},
    URL = {\url{http://www.pitt.edu/~hajlasz/Teaching/Math1530Fall2018/selection.pdf}}
}

@inbook{5,

    author={Abramowitz,Milton and Stegun,Irene A.},

    year={1964},

    title={Handbook of mathematical functions with formulas, graphs, and mathematical tables},

    publisher={U.S. Govt. Print. Off},

    address={Washington},

    volume={55},

    keywords={Tables; Functions; Mathematics},

    language={English},
    
    page={p. 72, 4.3.34–39},
    
    chapter = {4. p.72, 4.3.34–39},
}

@MISC {6,
    TITLE = {Local homeomorphism between $\mathbb{R}^2$ and the space of real $2\times2$ matrices of rank one and norm one},
    AUTHOR = {J_P (\url{https://math.stackexchange.com/users/676091/j-p})},
    HOWPUBLISHED = {Mathematics Stack Exchange},
    NOTE = {\url{https://math.stackexchange.com/q/3267870} (version: 2019-06-20)},
    EPRINT = {\url{https://math.stackexchange.com/q/3267870}},
    URL = {\url{https://math.stackexchange.com/q/3267870}}
}

@MISC {7,
    TITLE = {Difference between complete and closed set},
    AUTHOR = {Jonas Meyer (\url{https://math.stackexchange.com/users/1424/jonas-meyer})},
    HOWPUBLISHED = {Mathematics Stack Exchange},
    NOTE = {\url{https://math.stackexchange.com/q/6756} (version: 2010-10-14)},
    EPRINT = {\url{https://math.stackexchange.com/q/6756}},
    URL = {\url{https://math.stackexchange.com/q/6756}}
}

@misc{8,
    TITLE = {{N}ote on {B}asic {T}opology},
    AUTHOR = {Zhen Yao (\url{https://www.mathematics.pitt.edu/people/zhen-yao})},
    HOWPUBLISHED = {},
    NOTE = {Chapter 3. Theorem 3.17. \url{https://zhenyaohome.files.wordpress.com/2019/11/note-on-basic-topology.pdf} (version: 2020-01-21)},
    EPRINT = {\url{https://zhenyaohome.files.wordpress.com/2019/11/note-on-basic-topology.pdf}},
    URL = {\url{https://zhenyaohome.files.wordpress.com/2019/11/note-on-basic-topology.pdf}}
}

@MISC {9,
    TITLE = {Lipschitz Continuity implies Uniformly Continuity},
    AUTHOR = {Brian M. Scott (\url{https://math.stackexchange.com/users/12042/brian-m-scott})},
    HOWPUBLISHED = {Mathematics Stack Exchange},
    NOTE = {\url{https://math.stackexchange.com/q/183648} (version: 2012-08-17)},
    EPRINT = {\url{https://math.stackexchange.com/q/183648}},
    URL = {\url{https://math.stackexchange.com/q/183648}}
}

@MISC {10,
    TITLE = {Term by term integration and differentiation},
    AUTHOR = {Alexei Kovalev (\url{https://www.dpmms.cam.ac.uk/~agk22/})},
    HOWPUBLISHED = {},
    NOTE = {\url{https://www.dpmms.cam.ac.uk/~agk22/uniform.pdf} (version: 2009)},
    EPRINT = {\url{https://www.dpmms.cam.ac.uk/~agk22/uniform.pdf}},
    URL = {\url{https://www.dpmms.cam.ac.uk/~agk22/uniform.pdf}}
}